@article{srivastava2018decision,
  title="Decision-support for the Masses by Enabling Conversations with Open Data",
  author="Srivastava, Biplav",
  journal="arXiv preprint arXiv:1809.06723",
  year="2018"
}

@inproceedings{daniel2018toward,
  title="Toward truly personal chatbots: on the development of custom conversational assistants",
  author="Daniel, Florian and Matera, Maristella and Zaccaria, Vittorio and Dell'Orto, Alessandro",
  booktitle="Proceedings of the 1st International Workshop on Software Engineering for Cognitive Services",
  pages="31--36",
  year="2018"
}